<record><leader>00000cas a2200000 a 4500</leader><controlfield tag="001">37928086</controlfield><controlfield tag="008">971113d19141917oruwr ne      0    0eng c</controlfield><datafield ind1=" " ind2=" " tag="010"><subfield code="a">sn 97071015 </subfield></datafield><datafield ind1=" " ind2=" " tag="040"><subfield code="a">OCN</subfield><subfield code="b">eng</subfield><subfield code="c">OCN</subfield><subfield code="d">OCLCQ</subfield><subfield code="d">OCLCF</subfield><subfield code="d">OCLCO</subfield></datafield><datafield ind1="1" ind2=" " tag="029"><subfield code="a">AU@</subfield><subfield code="b">000013613329</subfield></datafield><datafield ind1=" " ind2=" " tag="042"><subfield code="a">pcc</subfield></datafield><datafield ind1=" " ind2=" " tag="043"><subfield code="a">n-us-or</subfield></datafield><datafield ind1="0" ind2="4" tag="245"><subfield code="a">The Scio tribune.</subfield></datafield><datafield ind1=" " ind2=" " tag="260"><subfield code="a">Scio, Linn County, Or. :</subfield><subfield code="b">T.L. Dugger,</subfield><subfield code="c">-1917.</subfield></datafield><datafield ind1=" " ind2=" " tag="300"><subfield code="a">v.</subfield></datafield><datafield ind1=" " ind2=" " tag="310"><subfield code="a">Weekly</subfield></datafield><datafield ind1="1" ind2=" " tag="362"><subfield code="a">Began in 1914.</subfield></datafield><datafield ind1="0" ind2=" " tag="362"><subfield code="a">-v. 5, no. 49 (May 24, 1917).</subfield></datafield><datafield ind1=" " ind2=" " tag="530"><subfield code="a">Also issued on microfilm from University of Oregon.</subfield></datafield><datafield ind1=" " ind2=" " tag="580"><subfield code="a">Merged with: Santiam news, to form: Scio tribune and Santiam news, consolidated.</subfield></datafield><datafield ind1=" " ind2=" " tag="588"><subfield code="a">Description based on: Vol. 3, no. 33 (Jan. 7, 1915).</subfield></datafield><datafield ind1=" " ind2="0" tag="651"><subfield code="a">Scio (Or.)</subfield><subfield code="v">Newspapers.</subfield></datafield><datafield ind1=" " ind2="0" tag="651"><subfield code="a">Linn County (Or.)</subfield><subfield code="v">Newspapers.</subfield></datafield><datafield ind1=" " ind2="7" tag="655"><subfield code="a">Newspapers.</subfield><subfield code="2">fast</subfield><subfield code="0">(OCoLC)fst01423814</subfield></datafield><datafield ind1=" " ind2="7" tag="651"><subfield code="a">Oregon</subfield><subfield code="z">Linn County.</subfield><subfield code="2">fast</subfield><subfield code="0">(OCoLC)fst01230371</subfield></datafield><datafield ind1=" " ind2="7" tag="651"><subfield code="a">Oregon</subfield><subfield code="z">Scio.</subfield><subfield code="2">fast</subfield><subfield code="0">(OCoLC)fst01236039</subfield></datafield><datafield ind1=" " ind2=" " tag="752"><subfield code="a">United States</subfield><subfield code="b">Oregon</subfield><subfield code="c">Linn</subfield><subfield code="d">Scio.</subfield></datafield><datafield ind1="0" ind2="0" tag="780"><subfield code="t">Intermountain tribune and Linn County agriculturalist</subfield><subfield code="w">(DLC)sn 97071019</subfield></datafield><datafield ind1="1" ind2="7" tag="785"><subfield code="t">Santiam news</subfield><subfield code="w">(DLC)sn 97071014</subfield></datafield><datafield ind1="1" ind2="7" tag="785"><subfield code="t">Scio tribune and Santiam news, consolidated</subfield><subfield code="w">(DLC)sn 97071016</subfield></datafield></record>